<?xml version="1.0" encoding="UTF-8"?><collection xmlns="http://www.loc.gov/MARC21/slim"><record><leader>00454nam--2200157-i-4500</leader><controlfield tag="001">000020478</controlfield><controlfield tag="002">20161230</controlfield><controlfield tag="005">20161230201033</controlfield><controlfield tag="008">060222s1000------------r-----000-0-eng-d</controlfield><datafield ind1=" " ind2=" " tag="020"><subfield code="a">0-471-55</subfield></datafield><datafield ind1=" " ind2=" " tag="080"><subfield code="a">621.384.6</subfield></datafield><datafield ind1=" " ind2=" " tag="100"><subfield code="a">D.A.Edwards /S.A.</subfield></datafield><datafield ind1=" " ind2=" " tag="245"><subfield code="a">An introduction to the physics of high energy accelerators</subfield></datafield><datafield ind1=" " ind2=" " tag="260"><subfield code="a">New York, John Wiley, 1993. 292 P</subfield></datafield><datafield ind1=" " ind2=" " tag="490"><subfield code="a">Wiley Series In Beam Physics And Acceleratort Technology</subfield></datafield><datafield ind1=" " ind2=" " tag="852"><subfield code="a">80370</subfield></datafield></record></collection>